@article{webb2010naive,
  title={Na{\"\i}ve Bayes.},
  author={Webb, Geoffrey I and Keogh, Eamonn and Miikkulainen, Risto},
  journal={Encyclopedia of machine learning},
  volume={15},
  number={1},
  pages={713--714},
  year={2010}
}

@inproceedings{kayed2020classification,
  title={Classification of garments from fashion MNIST dataset using CNN LeNet-5 architecture},
  author={Kayed, Mohammed and Anter, Ahmed and Mohamed, Hadeer},
  booktitle={2020 international conference on innovative trends in communication and computer engineering (ITCE)},
  pages={238--243},
  year={2020},
  organization={IEEE}
}

@article{swapna2020cnn,
  title={CNN Architectures: Alex Net, Le Net, VGG, Google Net, Res Net},
  author={Swapna, M and Sharma, Yogesh Kumar and Prasadh, BMG},
  journal={Int. J. Recent Technol. Eng},
  volume={8},
  number={6},
  pages={953--960},
  year={2020}
}

@misc{Mkkoehler_2020,
  title={CNN to identify paintings},
  url={https://www.kaggle.com/code/mkkoehler/cnn-to-identify-paintings/notebook},
  journal={Kaggle},
  author={Mkkoehler},
  year={2020},
  month=dec, language={en}
}

@article{li2021survey,
  title={A survey of convolutional neural networks: analysis, applications, and prospects},
  author={Li, Zewen and Liu, Fan and Yang, Wenjie and Peng, Shouheng and Zhou, Jun},
  journal={IEEE transactions on neural networks and learning systems},
  volume={33},
  number={12},
  pages={6999--7019},
  year={2021},
  publisher={IEEE}
}

@misc{BestArtworksofAllTime2019,
  title={Best Artworks of All Time},
  url={https://www.kaggle.com/datasets/ikarus777/best-artworks-of-all-time},
  journal={Kaggle},
  year={2019},
  month=mar,
  language={en}
}

@article{alom2018history,
  title={The history began from alexnet: A comprehensive survey on deep learning approaches},
  author={Alom, Md Zahangir and Taha, Tarek M and Yakopcic, Christopher and Westberg, Stefan and Sidike, Paheding and Nasrin, Mst Shamima and Van Esesn, Brian C and Awwal, Abdul A S and Asari, Vijayan K},
  journal={arXiv preprint arXiv:1803.01164},
  year={2018}
}


@article{krizhevsky2012imagenet,
  title={Imagenet classification with deep convolutional neural networks},
  author={Krizhevsky, Alex and Sutskever, Ilya and Hinton, Geoffrey E},
  journal={Advances in neural information processing systems},
  volume={25},
  year={2012}
}


@misc{MNIST,
  title={Handwritten digit database},
  author ={Yann LeCun, Corinna Cortes and Chris Burges},
  url={https://yann.lecun.com/exdb/mnist/}
}

@article{wei2023binary,
  title={Binary Encoding for Label},
  author={Wei, Jinxin and Hou, Zhe},
  journal={Authorea Preprints},
  year={2023},
  publisher={Authorea}
}

@article{radiuk2017impact,
  title={Impact of training set batch size on the performance of convolutional neural networks for diverse datasets},
  author={Radiuk, Pavlo M},
  year={2017},
  publisher={Information Technology and Management Science}
}


@misc{keras_rmsprop,
  title={Keras documentation: RMSprop},
  url={https://keras.io/api/optimizers/rmsprop/},
  author={Team, Keras},
  language={en}
}

@misc{customizing_fit,
 titile={What happens in fit()},
 url={https://www.tensorflow.org/guide/keras/customizing_what_happens_in_fit},
 journal={TensorFlow},
 language={en}
 }


@misc{making_new_layers,
  title={Making new layers and models via subclassing},
  url={https://www.tensorflow.org/guide/keras/making_new_layers_and_models_via_subclassing},
  journal={TensorFlow},
  language={en}
}
